@ARTICLE{2005PhRvL..95f1103A,
   author = {{Ando}, S. and {Beacom}, J.~F.},
    title = "{Revealing the Supernova Gamma-Ray Burst Connection with TeV Neutrinos}",
  journal = {Physical Review Letters},
   eprint = {astro-ph/0502521},
 keywords = {Supernovae, gamma-ray sources, gamma-ray bursts, Cosmic rays},
     year = 2005,
    month = aug,
   volume = 95,
   number = 6,
      eid = {061103},
    pages = {061103},
      doi = {10.1103/PhysRevLett.95.061103},
   adsurl = {http://adsabs.harvard.edu/abs/2005PhRvL..95f1103A},
  adsnote = {Provided by the SAO/NASA Astrophysics Data System}
}

@ARTICLE{2006APh....26..155I,
   author = {{IceCube Collaboration} and {Achterberg}, A. and {Ackermann}, M. and
        {Adams}, J. and {Ahrens}, J. and {Andeen}, K. and {Atlee}, D.~W. and
        {Baccus}, J. and {Bahcall}, J.~N. and {Bai}, X. and et al.},
    title = "{First year performance of the IceCube neutrino telescope}",
  journal = {Astroparticle Physics},
   eprint = {astro-ph/0604450},
     year = 2006,
    month = oct,
   volume = 26,
    pages = {155-173},
      doi = {10.1016/j.astropartphys.2006.06.007},
   adsurl = {http://adsabs.harvard.edu/abs/2006APh....26..155I},
  adsnote = {Provided by the SAO/NASA Astrophysics Data System}
}

@ARTICLE{2015arXiv150300598A,
   author = {{Aartsen}, M.~G. and {Ackermann}, M. and {Adams}, J. and {Aguilar}, J.~A. and 
	{Ahlers}, M. and {Ahrens}, M. and {Altmann}, D. and {Anderson}, T. and 
	{Arguelles}, C. and {Arlen}, T.~C. and et al.},
    title = "{Searches for Time Dependent Neutrino Sources with IceCube Data from 2008 to 2012}",
  journal = {ArXiv e-prints},
archivePrefix = "arXiv",
   eprint = {1503.00598},
 primaryClass = "astro-ph.HE",
 keywords = {Astrophysics - High Energy Astrophysical Phenomena},
     year = 2015,
    month = mar,
   adsurl = {http://adsabs.harvard.edu/abs/2015arXiv150300598A},
  adsnote = {Provided by the SAO/NASA Astrophysics Data System}
}

@ARTICLE{2014ApJ...796..109A,
   author = {{Aartsen}, M.~G. and {Ackermann}, M. and {Adams}, J. and {Aguilar}, J.~A. and 
	{Ahlers}, M. and {Ahrens}, M. and {Altmann}, D. and {Anderson}, T. and 
	{Arguelles}, C. and {Arlen}, T.~C. and et al.},
    title = "{Searches for Extended and Point-like Neutrino Sources with Four Years of IceCube Data}",
  journal = {\apj},
 keywords = {astroparticle physics, galaxies: active, galaxies: clusters: general, galaxies: starburst, ISM: supernova remnants, neutrinos},
     year = 2014,
    month = dec,
   volume = 796,
      eid = {109},
    pages = {109},
      doi = {10.1088/0004-637X/796/2/109},
   adsurl = {http://adsabs.harvard.edu/abs/2014ApJ...796..109A},
  adsnote = {Provided by the SAO/NASA Astrophysics Data System}
}

@ARTICLE{2012APh....35..615A,
   author = {{Abbasi}, R. and {Abdou}, Y. and {Abu-Zayyad}, T. and {Ackermann}, M. and
        {Adams}, J. and {Aguilar}, J.~A. and {Ahlers}, M. and {Allen}, M.~M. and
        {Altmann}, D. and {Andeen}, K. and et al.},
    title = "{The design and performance of IceCube DeepCore}",
  journal = {Astroparticle Physics},
archivePrefix = "arXiv",
   eprint = {1109.6096},
 primaryClass = "astro-ph.IM",
     year = 2012,
    month = may,
   volume = 35,
    pages = {615-624},
      doi = {10.1016/j.astropartphys.2012.01.004},
   adsurl = {http://adsabs.harvard.edu/abs/2012APh....35..615A},
  adsnote = {Provided by the SAO/NASA Astrophysics Data System}
}

@ARTICLE{2004PhRvL..93r1101R,
   author = {{Razzaque}, S. and {M{\'e}sz{\'a}ros}, P. and {Waxman}, E.},
    title = "{TeV Neutrinos from Core Collapse Supernovae and Hypernovae}",
  journal = {Physical Review Letters},
   eprint = {astro-ph/0407064},
     year = 2004,
    month = oct,
   volume = 93,
   number = 18,
      eid = {181101},
    pages = {181101},
      doi = {10.1103/PhysRevLett.93.181101},
   adsurl = {http://adsabs.harvard.edu/abs/2004PhRvL..93r1101R},
  adsnote = {Provided by the SAO/NASA Astrophysics Data System}
}

@ARTICLE{Fisher_Bingham,
     jstor_articletype = {research-article},
     title = {The Fisher-Bingham Distribution on the Sphere},
     author = {Kent, John T.},
     journal = {Journal of the Royal Statistical Society. Series B (Methodological)},
     jstor_issuetitle = {},
     volume = {44},
     number = {1},
     jstor_formatteddate = {1982},
     pages = {pp. 71-80},
     url = {http://www.jstor.org/stable/2984712},
     ISSN = {00359246},
     abstract = {The Fisher distribution is the analogue on the sphere of the isotropic bivariate normal distribution in the plane. The purpose of this paper is to propose and analyse a spherical analogue of the general bivariate normal distribution. Estimation, hypothesis testing and confidence regions are also discussed.},
     language = {English},
     year = 1982,
     publisher = {Wiley for the Royal Statistical Society},
     copyright = {Copyright Â© 1982 Royal Statistical Society},
}

@ARTICLE{2008APh....29..299B,
   author = {{Braun}, J. and {Dumm}, J. and {De Palma}, F. and {Finley}, C. and 
	{Karle}, A. and {Montaruli}, T.},
    title = "{Methods for point source analysis in high energy neutrino telescopes}",
  journal = {Astroparticle Physics},
archivePrefix = "arXiv",
   eprint = {0801.1604},
     year = 2008,
    month = may,
   volume = 29,
    pages = {299-305},
      doi = {10.1016/j.astropartphys.2008.02.007},
   adsurl = {http://adsabs.harvard.edu/abs/2008APh....29..299B},
  adsnote = {Provided by the SAO/NASA Astrophysics Data System}
}

@ARTICLE{2010APh....33..175B,
   author = {{Braun}, J. and {Baker}, M. and {Dumm}, J. and {Finley}, C. and 
	{Karle}, A. and {Montaruli}, T.},
    title = "{Time-dependent point source search methods in high energy neutrino astronomy}",
  journal = {Astroparticle Physics},
archivePrefix = "arXiv",
   eprint = {0912.1572},
 primaryClass = "astro-ph.IM",
     year = 2010,
    month = apr,
   volume = 33,
    pages = {175-181},
      doi = {10.1016/j.astropartphys.2010.01.005},
   adsurl = {http://adsabs.harvard.edu/abs/2010APh....33..175B},
  adsnote = {Provided by the SAO/NASA Astrophysics Data System}
}


@ARTICLE{2014arXiv1406.6757I,
   author = {{IceCube Collaboration} and {Aartsen}, M.~G. and {Ackermann}, M. and 
	{Adams}, J. and {Aguilar}, J.~A. and {Ahlers}, M. and {Ahrens}, M. and 
	{Altmann}, D. and {Anderson}, T. and {Arguelles}, C. and et al.},
    title = "{Searches for Extended and Point-like Neutrino Sources with Four Years of IceCube Data}",
  journal = {ArXiv e-prints},
archivePrefix = "arXiv",
   eprint = {1406.6757},
 primaryClass = "astro-ph.HE",
 keywords = {Astrophysics - High Energy Astrophysical Phenomena},
     year = 2014,
    month = jun,
   adsurl = {http://adsabs.harvard.edu/abs/2014arXiv1406.6757I},
  adsnote = {Provided by the SAO/NASA Astrophysics Data System}
} 

@article{PhysRevD.81.083011,
  title = {Multiflavor and multiband observations of neutrinos from core collapse supernovae},
  author = {Taboada, I.},
  journal = {Phys. Rev. D},
  volume = {81},
  issue = {8},
  pages = {083011},
  numpages = {6},
  year = {2010},
  month = {Apr},
  publisher = {American Physical Society},
  doi = {10.1103/PhysRevD.81.083011},
  url = {http://link.aps.org/doi/10.1103/PhysRevD.81.083011}
}

@ARTICLE{2013PhRvL.111m1102M,
   author = {{Murase}, K. and {Kashiyama}, K. and {M{\'e}sz{\'a}ros}, P.},
    title = "{Subphotospheric Neutrinos from Gamma-Ray Bursts: The Role of Neutrons}",
  journal = {Physical Review Letters},
archivePrefix = "arXiv",
   eprint = {1301.4236},
 primaryClass = "astro-ph.HE",
 keywords = {gamma-ray sources, gamma-ray bursts, Neutrino muon pion and other elementary particles, cosmic rays},
     year = 2013,
    month = sep,
   volume = 111,
   number = 13,
      eid = {131102},
    pages = {131102},
      doi = {10.1103/PhysRevLett.111.131102},
   adsurl = {http://adsabs.harvard.edu/abs/2013PhRvL.111m1102M},
  adsnote = {Provided by the SAO/NASA Astrophysics Data System}
}

@ARTICLE{2009APh....31..138B,
   author = {{Becker}, J.~K. and {Biermann}, P.~L.},
    title = "{Neutrinos from active black holes, sources of ultra high energy cosmic rays}",
  journal = {Astroparticle Physics},
archivePrefix = "arXiv",
   eprint = {0805.1498},
 keywords = {98.70.Sa, 98.54.Gr, 14.60.Lm},
     year = 2009,
    month = mar,
   volume = 31,
    pages = {138-148},
      doi = {10.1016/j.astropartphys.2008.12.006},
   adsurl = {http://adsabs.harvard.edu/abs/2009APh....31..138B},
  adsnote = {Provided by the SAO/NASA Astrophysics Data System}
}

@ARTICLE{2011AN....332..434M,
   author = {{Modjaz}, M.},
    title = "{Stellar forensics with the supernova-GRB connection}",
  journal = {Astronomische Nachrichten},
archivePrefix = "arXiv",
   eprint = {1105.5297},
 primaryClass = "astro-ph.CO",
 keywords = {supernovae: general, gamma-rays: bursts},
     year = 2011,
    month = jun,
   volume = 332,
    pages = {434-447},
      doi = {10.1002/asna.201111562},
   adsurl = {http://adsabs.harvard.edu/abs/2011AN....332..434M},
  adsnote = {Provided by the SAO/NASA Astrophysics Data System}
}

@ARTICLE{2006ARA&A..44..507W,
   author = {{Woosley}, S.~E. and {Bloom}, J.~S.},
    title = "{The Supernova Gamma-Ray Burst Connection}",
  journal = {Annual Review of Astronomy \& Astrophysics},
   eprint = {astro-ph/0609142},
     year = 2006,
    month = sep,
   volume = 44,
    pages = {507-556},
      doi = {10.1146/annurev.astro.43.072103.150558},
   adsurl = {http://adsabs.harvard.edu/abs/2006ARA\%26A..44..507W},
  adsnote = {Provided by the SAO/NASA Astrophysics Data System}
}

@ARTICLE{1992MNRAS.258P..41R,
   author = {{Rees}, M.~J. and {Meszaros}, P.},
    title = "{Relativistic fireballs - Energy conversion and time-scales}",
  journal = {Monthly Notices of the Royal Astronomical Society},
 keywords = {Compton Effect, Gamma Ray Bursts, Neutron Stars, Relativity, Stellar Envelopes, Baryons, Fireballs, Interstellar Matter, Kinetic Energy},
     year = 1992,
    month = sep,
   volume = 258,
    pages = {41P-43P},
   adsurl = {http://adsabs.harvard.edu/abs/1992MNRAS.258P..41R},
  adsnote = {Provided by the SAO/NASA Astrophysics Data System}
}



