@ARTICLE{2005PhRvL..95f1103A,
   author = {{Ando}, S. and {Beacom}, J.~F.},
    title = "{Revealing the Supernova Gamma-Ray Burst Connection with TeV Neutrinos}",
  journal = {Physical Review Letters},
   eprint = {astro-ph/0502521},
 keywords = {Supernovae, gamma-ray sources, gamma-ray bursts, Cosmic rays},
     year = 2005,
    month = aug,
   volume = 95,
   number = 6,
      eid = {061103},
    pages = {061103},
      doi = {10.1103/PhysRevLett.95.061103},
   adsurl = {http://adsabs.harvard.edu/abs/2005PhRvL..95f1103A},
  adsnote = {Provided by the SAO/NASA Astrophysics Data System}
}

